@manual{oetiket2007lshort,
    author = {Oetiket, T. and Partl, H. and Hyna and Schlegl, E.},
    title = {The not-so-short introduction to Latex},
    url = {http://www.ctan.org/tex-archive/info/lshort/english/lshort.pdf}
}

@Manual{downes2002shortams,
  title = 	 {{Short Math Guide for \LaTeX{}}},
  author = 	 {Downes,, Michael},
  organization = {American Mathematical Society},
  year = 	 {2002},
  url = 	 {ftp://ftp.ams.org/pub/tex/doc/amsmath/short-math-guide.pdf}
}

@Book{ungar2002uvod,
  author = 	 {Šime Ungar},
  title = 	 {{Uvod u \TeX{} s naglaskom na \LaTeX 2$\epsilon$}},
  publisher = 	 {Odjel za matematiku, Sveučilište J.J.\ Strossmayera u Osijeku},
  year = 	 {2002}
}

@Book{ISU,
  author = {Ivan Petrović and Mato Baotić and Nedjeljko Perić},
  title = {Neuronske mreže i genetički algoritmi u upravljanju sustavima},
  publisher = {Sveučilište u Zagrebu, Fakultet elektrotehnike i računarstva},
  year = {2015},
  pages={27-31} 
}

@manual{geometryalgs,
    author = {Victoria Rudakova},
    title = {Useful 3D geometry algorithms within a CAD application},
    url = {https://vicrucann.github.io/tutorials/3d-geometry-algorithms/},
    year = {2017}
}

@article{Petric2010Realtime3M,
  title={Real-time 3D marker tracking with a WIIMOTE stereo vision system: Application to robotic throwing},
  author={Tadej Petric and Andrej Gams and Ales Ude and Leon Zlajpah},
  journal={19th International Workshop on Robotics in Alpe-Adria-Danube Region (RAAD 2010)},
  year={2010},
  pages={357-362}
}
